% For consistency:
% - Retrieve bibtex entries from DBLP.
% - Use "mnemonic-conference-year" convention for citation key.
% - List in chronological order of publication date, then alphabetic order of mnemonic.

%-------------------------------------------------------------------------------
% 1997
%-------------------------------------------------------------------------------

@inproceedings{garlic-vldb-1997,
  author    = {Laura M. Haas and
               Donald Kossmann and
               Edward L. Wimmers and
               Jun Yang},
  title     = {Optimizing Queries Across Diverse Data Sources},
  booktitle = {VLDB},
  year      = {1997},
  pages     = {276-285},
  ee        = {http://www.vldb.org/conf/1997/P276.PDF},
  bibsource = {DBLP, http://dblp.uni-trier.de}
}

@article{scikit-learn,
 title={Scikit-learn: Machine Learning in {P}ython},
 author={Pedregosa, F. and Varoquaux, G. and Gramfort, A. and Michel, V.
         and Thirion, B. and Grisel, O. and Blondel, M. and Prettenhofer, P.
         and Weiss, R. and Dubourg, V. and Vanderplas, J. and Passos, A. and
         Cournapeau, D. and Brucher, M. and Perrot, M. and Duchesnay, E.},
 journal={Journal of Machine Learning Research},
 volume={12},
 pages={2825--2830},
 year={2011}
}

@Manual{Bokeh,
title = {Bokeh: Python library for interactive visualization},
author = {{Bokeh Development Team}},
year = {2014},
url = {http://www.bokeh.pydata.org},
}

@online{plotly, author = {Plotly Technologies Inc.}, title = {Collaborative data science}, publisher = {Plotly Technologies Inc.}, address = {Montreal, QC}, year = {2015}, url = {https://plot.ly} }

@online{ipyvega, title = {ipyvega: IPython/Jupyter notebook module for Vega and Vega-Lite}, url = {https://github.com/vega/ipyvega} }

@online{Altair, title = {Altair: Declarative Visualization in Python
}, url = {https://altair-viz.github.io/} }

@online{ipywidgets, title = {ipywidgets: Interactive widgets for the Jupyter Notebook}, url = {https://ipywidgets.readthedocs.io/en/latest/} }



@inproceedings{CIDR2011,
  title={The SQL-based all-declarative FORWARD web application development framework.},
  author={Fu, Yupeng and Ong, Kian Win and Papakonstantinou, Yannis and Petropoulos, Michalis},
  booktitle={CIDR},
  pages={69--78},
  year={2011}
}

@inproceedings{SIGMOD2010,
  title={Ajax-based report pages as incrementally rendered views},
  author={Fu, Yupeng and Kowalczykowski, Keith and Ong, Kian Win and Papakonstantinou, Yannis and Zhao, Kevin Keliang},
  booktitle={Proceedings of the 2010 ACM SIGMOD International Conference on Management of data},
  pages={567--578},
  year={2010},
  organization={ACM}
}

@article{2016-reactive-vega-architecture,
 title = {Reactive Vega: A Streaming Dataflow Architecture for Declarative Interactive Visualization},
 author = {Arvind Satyanarayan AND Ryan Russell AND Jane Hoffswell AND Jeffrey Heer},
 journal = {IEEE Trans. Visualization \& Comp. Graphics (Proc. InfoVis)},
 year = {2016},
 url = {http://idl.cs.washington.edu/papers/reactive-vega-architecture},
}



%-------------------------------------------------------------------------------
% 2000
%-------------------------------------------------------------------------------

@article{strudel-vldbj-2000,
    author      = {Mary F. Fern{\'a}ndez and
                   Daniela Florescu and
                   Alon Y. Levy and
                   Dan Suciu},
    title       = {Declarative Specification of Web Sites with {S}trudel},
    journal     = {VLDB J.},
    volume      = {9},
    number      = {1},
    year        = {2000},
    pages       = {38-55},
    ee          = {http://link.springer.de/link/service/journals/00778/bibs/0009001/00090038.htm},
    bibsource   = {DBLP, http://dblp.uni-trier.de}
}

%-------------------------------------------------------------------------------
% 2006
%-------------------------------------------------------------------------------

@inproceedings{hilda-icde-2006,
    author      = {Fan Yang and
                   Jayavel Shanmugasundaram and
                   Mirek Riedewald and
                   Johannes Gehrke},
    title       = {Hilda: A High-Level Language for Data-Driven Web Applications},
    booktitle   = {ICDE},
    year        = {2006},
    pages       = {32},
    ee          = {http://doi.ieeecomputersociety.org/10.1109/ICDE.2006.75},
    bibsource   = {DBLP, http://dblp.uni-trier.de}
}

%-------------------------------------------------------------------------------
% 2009
%-------------------------------------------------------------------------------

@article{claremont-report-cacm-2009,
  author    = {Rakesh Agrawal and others},
  title     = {The Claremont report on database research},
  journal   = {Commun. ACM},
  volume    = {52},
  number    = {6},
  year      = {2009},
  pages     = {56-65},
  ee        = {http://doi.acm.org/10.1145/1516046.1516062},
  bibsource = {DBLP, http://dblp.uni-trier.de}
}

@article{claremont-report-full-authors-cacm-2009,
  author    = {Rakesh Agrawal and
               Anastasia Ailamaki and
               Philip A. Bernstein and
               Eric A. Brewer and
               Michael J. Carey and
               Surajit Chaudhuri and
               AnHai Doan and
               Daniela Florescu and
               Michael J. Franklin and
               Hector Garcia-Molina and
               Johannes Gehrke and
               Le Gruenwald and
               Laura M. Haas and
               Alon Y. Halevy and
               Joseph M. Hellerstein and
               Yannis E. Ioannidis and
               Henry F. Korth and
               Donald Kossmann and
               Samuel Madden and
               Roger Magoulas and
               Beng Chin Ooi and
               Tim O'Reilly and
               Raghu Ramakrishnan and
               Sunita Sarawagi and
               Michael Stonebraker and
               Alexander S. Szalay and
               Gerhard Weikum},
  title     = {The Claremont report on database research},
  journal   = {Commun. ACM},
  volume    = {52},
  number    = {6},
  year      = {2009},
  pages     = {56-65},
  ee        = {http://doi.acm.org/10.1145/1516046.1516062},
  bibsource = {DBLP, http://dblp.uni-trier.de}
}

%-------------------------------------------------------------------------------
% 2010
%-------------------------------------------------------------------------------

@inproceedings{forward-sigmod-2010,
    author    = {Yupeng Fu and
                 Keith Kowalczykowski and
                 Kian Win Ong and
                 Yannis Papakonstantinou and
                 Kevin Keliang Zhao},
    title     = {Ajax-based Report Pages as Incrementally Rendered Views},
    booktitle = {{ACM SIGMOD}},
    year      = {2010},
    bibsource = {DBLP, http://dblp.uni-trier.de}
}

%-------------------------------------------------------------------------------
% 2011
%-------------------------------------------------------------------------------

@inproceedings{forward-cidr-2011,
  author    = {Yupeng Fu and
               Kian Win Ong and
               Yannis Papakonstantinou and
               Michalis Petropoulos},
  title     = {The SQL-based all-declarative FORWARD web application development
               framework},
  booktitle = {CIDR},
  year      = {2011},
  pages     = {69-78},
  ee        = {http://www.cidrdb.org/cidr2011/Papers/CIDR11_Paper8.pdf},
  bibsource = {DBLP, http://dblp.uni-trier.de}
}

%-------------------------------------------------------------------------------
% 2013
%-------------------------------------------------------------------------------

@inproceedings{forward-dbpl-2013,
  author    = {Yupeng Fu and
               Kian Win Ong and
               Yannis Papakonstantinou},
  title     = {Declarative Ajax Web Applications through SQL++ on a Unified
               Application State},
  booktitle = {DBPL},
  year      = {2013},
  ee        = {http://arxiv.org/abs/1308.0656},
  bibsource = {DBLP, http://dblp.uni-trier.de}
}

%-------------------------------------------------------------------------------
% 2014
%-------------------------------------------------------------------------------

@article{dbtoaster-vldbj-2014,
  author    = {Christoph Koch and
               Yanif Ahmad and
               Oliver Kennedy and
               Milos Nikolic and
               Andres N{\"{o}}tzli and
               Daniel Lupei and
               Amir Shaikhha},
  title     = {DBToaster: higher-order delta processing for dynamic, frequently fresh
               views},
  journal   = {{VLDB} J.},
  volume    = {23},
  number    = {2},
  pages     = {253--278},
  year      = {2014},
  url       = {http://dx.doi.org/10.1007/s00778-013-0348-4},
  doi       = {10.1007/s00778-013-0348-4},
  timestamp = {Thu, 03 Mar 2016 17:54:19 +0100},
  biburl    = {http://dblp.uni-trier.de/rec/bib/journals/vldb/KochAKNNLS14},
  bibsource = {dblp computer science bibliography, http://dblp.org}
}

%-------------------------------------------------------------------------------
% 2015
%-------------------------------------------------------------------------------

@inproceedings{idivm-sigmod-2015,
  author    = {Yannis Katsis and
               Kian Win Ong and
               Yannis Papakonstantinou and
               Kevin Keliang Zhao},
  title     = {Utilizing IDs to Accelerate Incremental View Maintenance},
  booktitle = {{ACM} {SIGMOD} Conference},
  pages     = {1985--2000},
  year      = {2015},
  url       = {http://doi.acm.org/10.1145/2723372.2750546},
  doi       = {10.1145/2723372.2750546},
  timestamp = {Thu, 12 Nov 2015 16:33:38 +0100},
  biburl    = {http://dblp.uni-trier.de/rec/bib/conf/sigmod/KatsisOPZ15},
  bibsource = {dblp computer science bibliography, http://dblp.org}
}

%-------------------------------------------------------------------------------
% Websites
%-------------------------------------------------------------------------------

@misc{angularjs,
    key     = {AngularJS},
    title   = {{AngularJS}},
    note    = {\url{http://angularjs.org/}},
}

@misc{Jupyter,
    key     = {Jupyter},
    title   = {{Jupyter}},
    note    = {\url{http://jupyter.org/}},
}


@misc{react,
    key     = {React},
    title   = {React},
    note    = {\url{https://facebook.github.io/react/}},
}



@misc{ember,
    key     = {Ember},
    title   = {Ember},
    note    = {\url{http://emberjs.com/}},
}

@misc{catel,
    key     = {Catel},
    title   = {Catel},
    note    = {\url{http://www.catelproject.com/}},
}

@misc{mvvmcross,
    key     = {MvvmCross},
    title   = {MvvmCross},
    note    = {\url{https://mvvmcross.com/}},
}

@misc{mvvmlight,
    key     = {MVVM Light},
    title   = {MVVM Light},
    note    = {\url{http://www.mvvmlight.net/}},
}


@misc{knockout,
    key     = {Knockout},
    title   = {Knockout},
    note    = {\url{http://knockoutjs.com/}},
}

@misc{template-engine-wikipedia-2014,
    author  = {Wikipedia},
    title   = {Template Processor},
    year    = {2014},
    note    = {Accessed Mar 5 2014. \url{http://en.wikipedia.org/w/index.php?title=Template_processor&oldid=598283212}},
}
@misc{mahout,
    key     = {Apache Mahout},
    title   = {Apache Mahout},
    note    = {\url{https://mahout.apache.org/}},
}
@misc{mllib,
    key     = {MLlib},
    title   = {MLlib},
    note    = {\url{http://spark.apache.org/mllib/}},
}
@book{wickham2009ggplot2,
  title={ggplot2: elegant graphics for data analysis},
  author={Wickham, Hadley},
  year={2009},
  publisher={Springer Science \& Business Media}
}

@misc{vega,
    key     = {Vega},
    title   = {Vega, A Visualization Grammar.},
    note    = {\url{http://trifacta.github.io/}},
}

@misc{ggvis,
    key     = {ggvis},
    title   = {ggvis: Interactive grammar of graphics for R.},
    note    = {\url{http://ggvis.rstudio.com/}},
}

@misc{forward_online,
	key     = {FORWARD},
	title   = {FORWARD},
	note    = {\url{forward.ucsd.edu/visualizations.html}},
}

@misc{d3,
    key     = {D3},
    title   = {D3: Data-Driven Documents},
    note    = {\url{https://d3js.org/}},
}

@article{satyanarayan2016reactive,
  title={Reactive vega: A streaming dataflow architecture for declarative interactive visualization},
  author={Satyanarayan, Arvind and Russell, Ryan and Hoffswell, Jane and Heer, Jeffrey},
  journal={IEEE transactions on visualization and computer graphics},
  volume={22},
  number={1},
  pages={659--668},
  year={2016},
  publisher={IEEE}
}

@article{wang2016qfix,
  title={QFix: Diagnosing errors through query histories},
  author={Wang, Xiaolan and Meliou, Alexandra and Wu, Eugene},
  journal={arXiv preprint arXiv:1601.07539},
  year={2016}
}

@inproceedings{Wu:2016:DAI:2939502.2939517,
 author = {Wu, Yifan and Hellerstein, Joseph M. and Wu, Eugene},
 title = {A DeVIL-ish Approach to Inconsistency in Interactive Visualizations},
 booktitle = {Proceedings of the Workshop on Human-In-the-Loop Data Analytics},
 series = {HILDA '16},
 year = {2016},
 isbn = {978-1-4503-4207-0},
 location = {San Francisco, California},
 pages = {15:1--15:6},
 articleno = {15},
 numpages = {6},
 url = {http://doi.acm.org/10.1145/2939502.2939517},
 doi = {10.1145/2939502.2939517},
 acmid = {2939517},
 publisher = {ACM},
 address = {New York, NY, USA},
} 
[download]

@inproceedings{Kamat:2016:TSI:2939502.2939514,
 author = {Kamat, Niranjan and Wu, Eugene and Nandi, Arnab},
 title = {TrendQuery: A System for Interactive Exploration of Trends},
 booktitle = {Proceedings of the Workshop on Human-In-the-Loop Data Analytics},
 series = {HILDA '16},
 year = {2016},
 isbn = {978-1-4503-4207-0},
 location = {San Francisco, California},
 pages = {12:1--12:4},
 articleno = {12},
 numpages = {4},
 url = {http://doi.acm.org/10.1145/2939502.2939514},
 doi = {10.1145/2939502.2939514},
 acmid = {2939514},
 publisher = {ACM},
 address = {New York, NY, USA},
} 
[download]

@inproceedings{DBLP:conf/icde/LiarouI14,
  author    = {Erietta Liarou and
               Stratos Idreos},
  title     = {dbTouch in action database kernels for touch-based data exploration},
  booktitle = {{IEEE} 30th International Conference on Data Engineering, Chicago,
               {ICDE} 2014, IL, USA, March 31 - April 4, 2014},
  pages     = {1262--1265},
  year      = {2014},
  crossref  = {DBLP:conf/icde/2014},
  url       = {http://dx.doi.org/10.1109/ICDE.2014.6816756},
  doi       = {10.1109/ICDE.2014.6816756},
  timestamp = {Mon, 25 Apr 2016 13:11:23 +0200},
  biburl    = {http://dblp.uni-trier.de/rec/bib/conf/icde/LiarouI14},
  bibsource = {dblp computer science bibliography, http://dblp.org}
}

@article{zoumpatianos2015rinse,
  title={RINSE: interactive data series exploration with ADS+},
  author={Zoumpatianos, Kostas and Idreos, Stratos and Palpanas, Themis},
  journal={Proceedings of the VLDB Endowment},
  volume={8},
  number={12},
  pages={1912--1915},
  year={2015},
  publisher={VLDB Endowment}
}

@article{DBLP:journals/corr/SiddiquiKLKP16,
  author    = {Tarique Siddiqui and
               Albert Kim and
               John Lee and
               Karrie Karahalios and
               Aditya G. Parameswaran},
  title     = {zenvisage: Effortless Visual Data Exploration},
  journal   = {CoRR},
  volume    = {abs/1604.03583},
  year      = {2016},
  url       = {http://arxiv.org/abs/1604.03583},
  timestamp = {Mon, 02 May 2016 18:22:52 +0200},
  biburl    = {http://dblp.uni-trier.de/rec/bib/journals/corr/SiddiquiKLKP16},
  bibsource = {dblp computer science bibliography, http://dblp.org}
}

@article{bhardwaj2015collaborative,
  title={Collaborative data analytics with DataHub},
  author={Bhardwaj, Anant and Deshpande, Amol and Elmore, Aaron J and Karger, David and Madden, Sam and Parameswaran, Aditya and Subramanyam, Harihar and Wu, Eugene and Zhang, Rebecca},
  journal={Proceedings of the VLDB Endowment},
  volume={8},
  number={12},
  pages={1916--1919},
  year={2015},
  publisher={VLDB Endowment}
}

@article{Krishnan:2016:AID:2994509.2994514,
 author = {Krishnan, Sanjay and Wang, Jiannan and Wu, Eugene and Franklin, Michael J. and Goldberg, Ken},
 title = {ActiveClean: Interactive Data Cleaning for Statistical Modeling},
 journal = {Proc. VLDB Endow.},
 issue_date = {August 2016},
 volume = {9},
 number = {12},
 month = aug,
 year = {2016},
 issn = {2150-8097},
 pages = {948--959},
 numpages = {12},
 url = {http://dx.doi.org/10.14778/2994509.2994514},
 doi = {10.14778/2994509.2994514},
 acmid = {2994514},
 publisher = {VLDB Endowment},
} 


@inproceedings{derthick1997interactive,
  title={An interactive visual query environment for exploring data},
  author={Derthick, Mark and Kolojejchick, John and Roth, Steven F},
  booktitle={Proceedings of the 10th annual ACM symposium on User interface software and technology},
  pages={189--198},
  year={1997},
  organization={ACM}
}

@inproceedings{livny1997devise,
  title={DEVise: integrated querying and visual exploration of large datasets},
  author={Livny, Miron and Ramakrishnan, Raghu and Beyer, Kevin and Chen, Guangshun and Donjerkovic, Donko and Lawande, Shilpa and Myllymaki, Jussi and Wenger, Kent},
  booktitle={ACM SIGMOD Record},
  volume={26},
  number={2},
  pages={301--312},
  year={1997},
  organization={ACM}
}

@article{crotty2015vizdom,
  title={Vizdom: interactive analytics through pen and touch},
  author={Crotty, Andrew and Galakatos, Alex and Zgraggen, Emanuel and Binnig, Carsten and Kraska, Tim},
  journal={Proceedings of the VLDB Endowment},
  volume={8},
  number={12},
  pages={2024--2027},
  year={2015},
  publisher={VLDB Endowment}
}

@article{satyanarayan2015vega,
  title={Vega-lite: A grammar of interactive graphics},
  author={Satyanarayan, Arvind and Moritz, Dominik and Wongsuphasawat, Kanit and Heer, Jeffrey},
  journal={IEEE Trans. Visualization \& Comp. Graphics (Proc. InfoVis)},
  volume={2017},
  year={2015}
}

@article{stolte2002polaris,
  title={Polaris: A system for query, analysis, and visualization of multidimensional relational databases},
  author={Stolte, Chris and Tang, Diane and Hanrahan, Pat},
  journal={IEEE Transactions on Visualization and Computer Graphics},
  volume={8},
  number={1},
  pages={52--65},
  year={2002},
  publisher={IEEE}
}
@article{bostock2009protovis,
  title={Protovis: A graphical toolkit for visualization},
  author={Bostock, Michael and Heer, Jeffrey},
  journal={IEEE transactions on visualization and computer graphics},
  volume={15},
  number={6},
  pages={1121--1128},
  year={2009},
  publisher={IEEE}
}

@article{hall2009weka,
  title={The WEKA data mining software: an update},
  author={Hall, Mark and Frank, Eibe and Holmes, Geoffrey and Pfahringer, Bernhard and Reutemann, Peter and Witten, Ian H},
  journal={ACM SIGKDD explorations newsletter},
  volume={11},
  number={1},
  pages={10--18},
  year={2009},
  publisher={ACM}
}

@article{Hellerstein:2012:MAL:2367502.2367510,
 author = {Hellerstein, Joseph M. and R{\'e}, Christoper and Schoppmann, Florian and Wang, Daisy Zhe and Fratkin, Eugene and Gorajek, Aleksander and Ng, Kee Siong and Welton, Caleb and Feng, Xixuan and Li, Kun and Kumar, Arun},
 title = {The MADlib Analytics Library: Or MAD Skills, the SQL},
 journal = {Proc. VLDB Endow.},
 issue_date = {August 2012},
 volume = {5},
 number = {12},
 month = aug,
 year = {2012},
 issn = {2150-8097},
 pages = {1700--1711},
 numpages = {12},
 url = {http://dx.doi.org/10.14778/2367502.2367510},
 doi = {10.14778/2367502.2367510},
 acmid = {2367510},
 publisher = {VLDB Endowment},
} 

@book{Wilkinson:2005:GG:1088896,
 author = {Wilkinson, Leland},
 title = {The Grammar of Graphics (Statistics and Computing)},
 year = {2005},
 isbn = {0387245448},
 publisher = {Springer-Verlag New York, Inc.},
 address = {Secaucus, NJ, USA},
} 


@misc{highcharts-ng,
    key     = {highcharts-ng},
    title   = {highcharts-ng},
    note    = {\url{https://github.com/pablojim/highcharts-ng/}},
}

@misc{highcharts,
    key     = {highcharts},
    title   = {highcharts},
    note    = {\url{http://www.highcharts.com/}}
}

@misc{leaflet-ng,
    key     = {Angular Leaflet Directive},
    title   = {Angular Leaflet Directive},
    note    = {\url{http://tombatossals.github.io/angular-leaflet-directive/}},
}



@misc{LeafletJS,
    key     = {LeafletJS},
    title   = {LeafletJS},
    note    = {\url{http://leafletjs.com/}},
}

@misc{canvasjs,
    key     = {CanvasJS},
    title   = {CanvasJS},
    note    = {\url{http://canvasjs.com/}},
}



%-------------------------------------------------------------------------------
% FIXME
%-------------------------------------------------------------------------------

@inproceedings{vm-blt-86,
  author    = {Jos{\'e} A. Blakeley and
               Per-{\AA}ke Larson and
               Frank Wm. Tompa},
  title     = {Efficiently Updating Materialized Views},
  booktitle = {{ACM SIGMOD}},
  year      = {1986},
  pages     = {61-71},
  ee        = {http://doi.acm.org/10.1145/16894.16861, db/conf/sigmod/BlakeleyLT86.html},
  bibsource = {DBLP, http://dblp.uni-trier.de}
}

@article{mvc-joop-88,
    title       = {A cookbook for using the model-view controller user interface paradigm in Smalltalk-80},
    author      = {Glenn E. Krasner and Stephen T. Pope},
    journal     = {Journal of Object-Oriented Programming},
    number      = 3,
    pages       = {26 - 49},
    volume      = 1,
    year        = 1988,
    month       = aug,
}

@article{nr-database-vldb-88,
    author      = {Mark A. Roth and
                   Henry F. Korth and
                   Abraham Silberschatz},
    title       = {Extended Algebra and Calculus for Nested Relational Databases},
    journal     = {ACM Trans. Database Syst.},
    volume      = {13},
    number      = {4},
    year        = {1988},
    pages       = {389-417},
    ee          = {http://doi.acm.org/10.1145/49346.49347, db/journals/tods/RothKS88.html},
    bibsource   = {DBLP, http://dblp.uni-trier.de}
}


@inproceedings{oql-dbpl-89,
    author      = {Fran\c{c}ois Bancilhon and
                   Sophie Cluet and
                   Claude Delobel},
    title       = {A Query Language for the O$_{\mbox{2}}$ Object-Oriented Database
                   System},
    booktitle   = {DBPL},
    year        = {1989},
    pages       = {122-138},
    ee          = {db/conf/dbpl/BancilhonCD89.html},
    bibsource   = {DBLP, http://dblp.uni-trier.de}
}

@article{vm-bcl-89,
  author    = {Jos{\'e} A. Blakeley and
               Neil Coburn and
               Per-{\AA}ke Larson},
  title     = {Updating Derived Relations: Detecting Irrelevant and Autonomously
               Computable Updates},
  journal   = {ACM Trans. Database Syst.},
  volume    = {14},
  number    = {3},
  year      = {1989},
  pages     = {369-400},
  ee        = {http://doi.acm.org/10.1145/68012.68015, db/journals/tods/BlakeleyCL89.html},
  bibsource = {DBLP, http://dblp.uni-trier.de}
}

@article{vm-qw-91,
  author    = {Xiaolei Qian and
               Gio Wiederhold},
  title     = {Incremental Recomputation of Active Relational Expressions},
  journal   = {IEEE Trans. Knowl. Data Eng.},
  volume    = {3},
  number    = {3},
  year      = {1991},
  pages     = {337-341},
  ee        = {db/journals/tkde/QianW91.html},
  bibsource = {DBLP, http://dblp.uni-trier.de}
}


@inproceedings{view-sigmod-93,
  author    = {Ashish Gupta and
               Inderpal Singh Mumick and
               V. S. Subrahmanian},
  title     = {Maintaining Views Incrementally},
  booktitle = {{ACM SIGMOD}},
  year      = {1993},
  pages     = {157-166},
  ee        = {http://doi.acm.org/10.1145/170035.170066, db/conf/sigmod/GuptaMS93.html},
  bibsource = {DBLP, http://dblp.uni-trier.de}
}

@article{survey-deb-95,
  author    = {Ashish Gupta and
               Inderpal Singh Mumick},
  title     = {Maintenance of Materialized Views: Problems, Techniques,
               and Applications},
  journal   = {IEEE Data Eng. Bull.},
  volume    = {18},
  number    = {2},
  year      = {1995},
  pages     = {3-18},
  ee        = {db/journals/debu/GuptaM95.html},
  bibsource = {DBLP, http://dblp.uni-trier.de}
}


@inproceedings{duplicate-sigmod-95,
  author    = {Timothy Griffin and
               Leonid Libkin},
  editor    = {Michael J. Carey and
               Donovan A. Schneider},
  title     = {Incremental Maintenance of Views with Duplicates},
  booktitle = {SIGMOD},
  publisher = {ACM Press},
  year      = {1995},
  pages     = {328-339},
  ee        = {http://doi.acm.org/10.1145/223784.223849, db/conf/sigmod/sigmod95-26.html},
  bibsource = {DBLP, http://dblp.uni-trier.de}
}

@inproceedings{view-warehouse-sigmod-95,
  author    = {Yue Zhuge and
               Hector Garcia-Molina and
               Joachim Hammer and
               Jennifer Widom},
  title     = {View Maintenance in a Warehousing Environment},
  booktitle = {SIGMOD},
  year      = {1995},
  pages     = {316-327},
  ee        = {http://doi.acm.org/10.1145/223784.223848, db/conf/sigmod/sigmod95-25.html},
  bibsource = {DBLP, http://dblp.uni-trier.de}
}


@inproceedings{deferred-sigmod-96,
  author    = {Latha S. Colby and
               Timothy Griffin and
               Leonid Libkin and
               Inderpal Singh Mumick and
               Howard Trickey},
  title     = {Algorithms for Deferred View Maintenance},
  booktitle = {SIGMOD},
  year      = {1996},
  pages     = {469-480},
  ee        = {http://doi.acm.org/10.1145/233269.233364, db/conf/sigmod/ColbyGLMT96.html},
  bibsource = {DBLP, http://dblp.uni-trier.de}
}

@inproceedings{vm-gjm-96,
  author    = {Ashish Gupta and
               H. V. Jagadish and
               Inderpal Singh Mumick},
  title     = {Data Integration using Self-Maintainable Views},
  booktitle = {EDBT},
  year      = {1996},
  pages     = {140-144},
  ee        = {http://dx.doi.org/10.1007/BFb0014149},
  bibsource = {DBLP, http://dblp.uni-trier.de}
}


@inproceedings{auxiliary-sigmod-96,
  author    = {Kenneth A. Ross and
               Divesh Srivastava and
               S. Sudarshan},
  title     = {Materialized View Maintenance and Integrity Constraint Checking:
               Trading Space for Time},
  booktitle = {SIGMOD},
  year      = {1996},
  pages     = {447-458},
  ee        = {http://doi.acm.org/10.1145/233269.233361, db/conf/sigmod/RossSS96.html},
  bibsource = {DBLP, http://dblp.uni-trier.de}
}

@inproceedings{whips-self-maintainable-pdis-96,
    author    = {Dallan Quass and
                 Ashish Gupta and
                 Inderpal Singh Mumick and
                 Jennifer Widom},
    title     = {Making Views Self-Maintainable for Data Warehousing},
    booktitle = {Proceedings of the Fourth International Conference on Parallel
                 and Distributed Information Systems, December 18-20, 1996, Miami
                 Beach, Florida, USA},
    publisher = {IEEE Computer Society},
    year      = {1996},
    isbn      = {0-8186-7475-X},
    pages     = {158-169},
    ee        = {db/conf/pdis/QuassGMW96.html},
    bibsource = {DBLP, http://dblp.uni-trier.de}
}


@inproceedings{view-warehouse-sigmod-97,
  author    = {Divyakant Agrawal and
               Amr El Abbadi and
               Ambuj K. Singh and
               Tolga Yurek},
  title     = {Efficient View Maintenance at Data Warehouses},
  booktitle = {SIGMOD},
  year      = {1997},
  pages     = {417-427},
  ee        = {http://doi.acm.org/10.1145/253260.253355, db/conf/sigmod/AgrawalASY97.html},
  bibsource = {DBLP, http://dblp.uni-trier.de}
}

@inproceedings{vm-cube-sigmod-97,
  author    = {Inderpal Singh Mumick and
               Dallan Quass and
               Barinderpal Singh Mumick},
  title     = {Maintenance of Data Cubes and Summary Tables in a Warehouse},
  booktitle = {SIGMOD},
  year      = {1997},
  pages     = {100-111},
  ee        = {http://doi.acm.org/10.1145/253260.253277, db/conf/sigmod/MumickQM97.html},
  bibsource = {DBLP, http://dblp.uni-trier.de}
}

@inproceedings{vm-semi-vldb-98,
  author    = {Serge Abiteboul and
               Jason McHugh and
               Michael Rys and
               Vasilis Vassalos and
               Janet L. Wiener},
  title     = {Incremental Maintenance for Materialized Views over Semistructured
               Data},
  booktitle = {VLDB},
  year      = {1998},
  pages     = {38-49},
  ee        = {db/conf/vldb/AbiteboulMRVW98.html},
  bibsource = {DBLP, http://dblp.uni-trier.de}
}

@inproceedings{vm-graph-icde-98,
  author    = {Yue Zhuge and
               Hector Garcia-Molina},
  title     = {Graph Structured Views and Their Incremental Maintenance},
  booktitle = {ICDE},
  year      = {1998},
  pages     = {116-125},
  ee        = {db/conf/icde/ZhugeG98.html},
  bibsource = {DBLP, http://dblp.uni-trier.de}
}

@inproceedings{relational-transducer-pods-98,
    author = {Abiteboul, Serge and Vianu, Victor and Fordham, Brad and Yesha, Yelena},
    title = {Relational transducers for electronic commerce},
    booktitle = {PODS '98: Proceedings of the seventeenth ACM SIGACT-SIGMOD-SIGART symposium on Principles of database systems},
    year = {1998},
    isbn = {0-89791-996-3},
    pages = {179--187},
    location = {Seattle, Washington, United States},
    doi = {http://doi.acm.org/10.1145/275487.275507},
    publisher = {ACM},
    address = {New York, NY, USA},
}

@inproceedings{rhodes-view-maintenance-edbt-98,
    author    = {Dimitra Vista},
    title     = {Integration of Incremental View Maintenance into Query Optimizers},
    booktitle = {EDBT},
    year      = {1998},
    pages     = {374-388},
    ee        = {http://dx.doi.org/10.1007/BFb0100972, http://link.springer.de/link/service/series/0558/bibs/1377/13770374.htm},
    bibsource = {DBLP, http://dblp.uni-trier.de}
}


@inproceedings{latency-webnet-00,
    author      = {Md. Ahsan Habib and
                   Marc Abrams},
    title       = {Analysis of Sources of Latency in Downloading Web Pages},
    booktitle   = {WebNet},
    year        = {2000},
    pages       = {227-232},
    bibsource   = {DBLP, http://dblp.uni-trier.de}
}

@inproceedings{vm-deferred-sigmod-00,
  author    = {Kenneth Salem and
               Kevin S. Beyer and
               Roberta Cochrane and
               Bruce G. Lindsay},
  title     = {How To Roll a Join: Asynchronous Incremental View Maintenance},
  booktitle = {SIGMOD},
  year      = {2000},
  pages     = {129-140},
  ee        = {http://doi.acm.org/10.1145/342009.335393, db/conf/sigmod/SalemBCL00.html},
  bibsource = {DBLP, http://dblp.uni-trier.de}
}


@article{strudel-vldbj-00,
    author      = {Mary F. Fern{\'a}ndez and
                   Daniela Florescu and
                   Alon Y. Levy and
                   Dan Suciu},
    title       = {Declarative Specification of Web Sites with Strudel},
    journal     = {VLDB J.},
    volume      = {9},
    number      = {1},
    year        = {2000},
    pages       = {38-55},
    ee          = {http://link.springer.de/link/service/journals/00778/bibs/0009001/00090038.htm},
    bibsource   = {DBLP, http://dblp.uni-trier.de}
}

@article{webml-computer-networks-00,
    author      = {Stefano Ceri and
                   Piero Fraternali and
                   Aldo Bongio},
    title       = {Web Modeling Language (WebML): a modeling language for designing
                   Web sites},
    journal     = {Computer Networks},
    volume      = {33},
    number      = {1-6},
    year        = {2000},
    pages       = {137-157},
    ee          = {http://dx.doi.org/10.1016/S1389-1286(00)00040-2},
    bibsource   = {DBLP, http://dblp.uni-trier.de}
}

@inproceedings{chase-sigmod-00,
    author    = {Lucian Popa and
                 Alin Deutsch and
                 Arnaud Sahuguet and
                 Val Tannen},
    title     = {A Chase Too Far?},
    booktitle = {{ACM SIGMOD}},
    year      = {2000},
    pages     = {273-284},
    ee        = {http://doi.acm.org/10.1145/342009.335421, db/conf/sigmod/PopaDST00.html},
    bibsource = {DBLP, http://dblp.uni-trier.de}
}

@inproceedings{edit-icde-02,
  author    = {Gregory Cobena and
               Serge Abiteboul and
               Am{\'e}lie Marian},
  title     = {Detecting Changes in XML Documents},
  booktitle = {ICDE},
  year      = {2002},
  pages     = {41-52},
  ee        = {http://csdl.computer.org/comp/proceedings/icde/2002/1531/00/15310041abs.htm},
  bibsource = {DBLP, http://dblp.uni-trier.de}
}

@inproceedings{view-invalidate-vldb-02,
  author    = {K. Sel\c{c}uk Candan and
               Divyakant Agrawal and
               Wen-Syan Li and
               Oliver Po and
               Wang-Pin Hsiung},
  title     = {View Invalidation for Dynamic Content Caching in Multitiered
               Architectures},
  booktitle = {VLDB},
  year      = {2002},
  pages     = {562-573},
  ee        = {http://www.vldb.org/conf/2002/S16P02.pdf},
  bibsource = {DBLP, http://dblp.uni-trier.de}
}

@inproceedings{topk-icde-03,
  author    = {Ke Yi and
               Hai Yu and
               Jun Yang and
               Gangqiang Xia and
               Yuguo Chen},
  title     = {Efficient Maintenance of Materialized Top-k Views},
  booktitle = {ICDE},
  year      = {2003},
  pages     = {189-200},
  ee        = {http://csdl.computer.org/comp/proceedings/icde/2003/2071/00/20710189abs.htm},
  bibsource = {DBLP, http://dblp.uni-trier.de}
}

@inproceedings{xquery-er-03,
  author    = {Katica Dimitrova and
               Maged El-Sayed and
               Elke A. Rundensteiner},
  title     = {Order-Sensitive View Maintenance of Materialized XQuery
               Views},
  booktitle = {ER},
  year      = {2003},
  pages     = {144-157},
  ee        = {http://springerlink.metapress.com/openurl.asp?genre=article{\&}issn=0302-9743{\&}volume=2813{\&}spage=144},
  bibsource = {DBLP, http://dblp.uni-trier.de}
}

@article{oql-dke-03,
  author    = {M. Akhtar Ali and
               Alvaro A. A. Fernandes and
               Norman W. Paton},
  title     = {MOVIE: An incremental maintenance system for materialized
               object views},
  journal   = {Data Knowl. Eng.},
  volume    = {47},
  number    = {2},
  year      = {2003},
  pages     = {131-166},
  ee        = {http://dx.doi.org/10.1016/S0169-023X(03)00048-X},
  bibsource = {DBLP, http://dblp.uni-trier.de}
}

@article{event-driven-programming-dr-dobbs-03,
    author    = {Samek Miro},
    title     = {Who Moved My State?},
    journal   = {Dr. Dobb's},
    year      = {2003},
    url       = {http://www.drdobbs.com/184401643},
}

@misc{dom3-w3c-04,
    author  = {W3C},
    title   = {Document Object Model (DOM) Level 3 Core Specification},
    year    = {2004},
    note    = {\url{http://www.w3.org/TR/2004/REC-DOM-Level-3-Core-20040407/}}
}

@inproceedings{xquery-relational-vldb-04,
    author    = {Torsten Grust and
                 Sherif Sakr and
                 Jens Teubner},
    title     = {XQuery on SQL Hosts},
    booktitle = {VLDB},
    year      = {2004},
    pages     = {252-263},
    ee        = {http://www.vldb.org/conf/2004/RS7P1.PDF},
    bibsource = {DBLP, http://dblp.uni-trier.de}
}


@inproceedings{view-path-sigmod-05,
  author    = {Arsany Sawires and
               Jun'ichi Tatemura and
               Oliver Po and
               Divyakant Agrawal and
               K. Sel\c{c}uk Candan},
  title     = {Incremental Maintenance of Path Expression Views},
  booktitle = {SIGMOD},
  year      = {2005},
  pages     = {443-454},
  ee        = {http://doi.acm.org/10.1145/1066157.1066208},
  bibsource = {DBLP, http://dblp.uni-trier.de}
}

@inproceedings{view-xpath-www-05,
  author    = {Makoto Onizuka and
               Fong Yee Chan and
               Ryusuke Michigami and
               Takashi Honishi},
  title     = {Incremental maintenance for materialized XPath/XSLT views},
  booktitle = {WWW},
  year      = {2005},
  pages     = {671-681},
  ee        = {http://doi.acm.org/10.1145/1060745.1060843},
  bibsource = {DBLP, http://dblp.uni-trier.de}
}

@misc{ajax-adaptive-path-05,
    author          = {Jesse James Garrett},
    howpublished    = {\url{http://adaptivepath.com/ideas/essays/archives/000385.php}},
    note            = {[Online; Stand 18.03.2008]},
    title           = {Ajax: A New Approach to Web Applications},
    url             = {http://adaptivepath.com/ideas/essays/archives/000385.php},
    year            = {2005},
    month           = {February}
}

@article{edit-tcs-05,
  author    = {Philip Bille},
  title     = {A survey on tree edit distance and related problems},
  journal   = {Theor. Comput. Sci.},
  volume    = {337},
  number    = {1-3},
  year      = {2005},
  pages     = {217-239},
  ee        = {http://dx.doi.org/10.1016/j.tcs.2004.12.030},
  bibsource = {DBLP, http://dblp.uni-trier.de}
}

@inproceedings{wave-sigmod-05,
  author    = {Alin Deutsch and
               Monica Marcus and
               Liying Sui and
               Victor Vianu and
               Dayou Zhou},
  title     = {A Verifier for Interactive, Data-Driven Web Applications},
  booktitle = {{ACM SIGMOD}},
  year      = {2005},
  pages     = {539-550},
  ee        = {http://doi.acm.org/10.1145/1066157.1066219},
  bibsource = {DBLP, http://dblp.uni-trier.de}
}

@misc{long-tail-joe-kraus-05,
    author          = {Joe Kraus},
    howpublished    = {\url{http://bnoopy.typepad.com/bnoopy/2005/03/the_long_tail_o.html}},
    title           = {The long tail of software. Millions of Markets of Dozens.},
    url             = {http://bnoopy.typepad.com/bnoopy/2005/03/the_long_tail_o.html},
    year            = {2005},
    month           = {March},
}

@inproceedings{xquery-mssql-vldb-05,
    author    = {Shankar Pal and
                 Istvan Cseri and
                 Oliver Seeliger and
                 Michael Rys and
                 Gideon Schaller and
                 Wei Yu and
                 Dragan Tomic and
                 Adrian Baras and
                 Brandon Berg and
                 Denis Churin and
                 Eugene Kogan},
    title     = {XQuery Implementation in a Relational Database System},
    booktitle = {VLDB},
    year      = {2005},
    pages     = {1175-1186},
    ee        = {http://www.vldb2005.org/program/paper/thu/p1175-pal.pdf},
    bibsource = {DBLP, http://dblp.uni-trier.de}
}


@inproceedings{clide-sigmod-06,
  author    = {Michalis Petropoulos and
               Alin Deutsch and
               Yannis Papakonstantinou},
  title     = {Interactive query formulation over web service-accessed
               sources},
  booktitle = {ACM SIGMOD}},
  year      = {2006},
  pages     = {253-264},
  ee        = {http://doi.acm.org/10.1145/1142473.1142503},
  bibsource = {DBLP, http://dblp.uni-trier.de}
}


@article{vogels-interview-acm-queue-06,
    author      = {O'Hanlon, Charlene},
    title       = {A Conversation with Werner Vogels},
    journal     = {Queue},
    volume      = {4},
    number      = {4},
    year        = {2006},
    issn        = {1542-7730},
    pages       = {14--22},
    doi         = {http://doi.acm.org/10.1145/1142055.1142065},
    publisher   = {ACM},
    address     = {New York, NY, USA},
}

@inproceedings{view-loose-vldb-06,
  author    = {Arsany Sawires and
               Jun'ichi Tatemura and
               Oliver Po and
               Divyakant Agrawal and
               Amr El Abbadi and
               K. Sel\c{c}uk Candan},
  title     = {Maintaining XPath Views In Loosely Coupled Systems},
  booktitle = {VLDB},
  year      = {2006},
  pages     = {583-594},
  ee        = {http://www.vldb.org/conf/2006/p583-sawires.pdf},
  bibsource = {DBLP, http://dblp.uni-trier.de}
}

@inproceedings{hilda-icde-06,
    author      = {Fan Yang and
                   Jayavel Shanmugasundaram and
                   Mirek Riedewald and
                   Johannes Gehrke},
    title       = {Hilda: A High-Level Language for Data-DrivenWeb Applications},
    booktitle   = {ICDE},
    year        = {2006},
    pages       = {32},
    ee          = {http://doi.ieeecomputersociety.org/10.1109/ICDE.2006.75},
    bibsource   = {DBLP, http://dblp.uni-trier.de}
}

@inproceedings{approx-isaac-06,
  author    = {Tatsuya Akutsu and
               Daiji Fukagawa and
               Atsuhiro Takasu},
  title     = {Approximating Tree Edit Distance Through String Edit Distance},
  booktitle = {ISAAC},
  year      = {2006},
  pages     = {90-99},
  ee        = {http://dx.doi.org/10.1007/11940128_11},
  bibsource = {DBLP, http://dblp.uni-trier.de}
}

% Press release only - actual PDF cannot be found in Compete's archives
@misc{financial-application-abandonment-compete-06,
    author  = {Compete, Inc},
    title   = {Financial Services Providers: Creating New Relationships Online},
    year    = {2006},
    note    = {\url{http://www.competeinc.com/news_events/pressReleases/166/}},
}

@inproceedings{xquery-monetdb-sigmod-06,
    author    = {Peter A. Boncz and
                 Torsten Grust and
                 Maurice van Keulen and
                 Stefan Manegold and
                 Jan Rittinger and
                 Jens Teubner},
    title     = {MonetDB/XQuery: a fast XQuery processor powered by a relational
                 engine},
    booktitle = {{ACM SIGMOD}},
    year      = {2006},
    pages     = {479-490},
    ee        = {http://doi.acm.org/10.1145/1142473.1142527},
    bibsource = {DBLP, http://dblp.uni-trier.de}
}


@inproceedings{hilda-partitioning-www-07,
    author      = {Fan Yang and
                   Nitin Gupta and
                   Nicholas Gerner and
                   Xin Qi and
                   Alan J. Demers and
                   Johannes Gehrke and
                   Jayavel Shanmugasundaram},
    title       = {A unified platform for data driven web applications with
                   automatic client-server partitioning},
    booktitle   = {WWW},
    year        = {2007},
    pages       = {341-350},
    ee          = {http://doi.acm.org/10.1145/1242572.1242619},
    bibsource   = {DBLP, http://dblp.uni-trier.de}
}

@misc{xquery-spec-1.0-07,
    author  = {W3C},
    title   = {XQuery 1.0: An XML Query Language},
    year    = {2007},
    note    = {\url{http://www.w3.org/TR/xquery/}},
}

@inproceedings{approx-icalp-07,
  author    = {Erik D. Demaine and
               Shay Mozes and
               Benjamin Rossman and
               Oren Weimann},
  title     = {An Optimal Decomposition Algorithm for Tree Edit Distance},
  booktitle = {ICALP},
  year      = {2007},
  pages     = {146-157},
  ee        = {http://dx.doi.org/10.1007/978-3-540-73420-8_15},
  bibsource = {DBLP, http://dblp.uni-trier.de}
}

@article{diy-wsj-07,
    author  = {Jeanette Borzo},
    title   = {Do-It-Yourself Software},
    journal = {Wall Street Journal},
    year    = 2007,
    month   = {September},
    note    = {\url{http://online.wsj.com/article/SB119023041951932741.html}}
}

@techreport{bpms-revenue-forrester-07,
    author      = {Colin Teubner and Ken Vollmer},
    title       = {BPMS Revenue To Reach \$6.3 Billion By 2011},
    institution = {Forrester Research},
    year        = 2007,
    note        = {Archived at \url{http://db.ucsd.edu/app2you/2009-www/2007-forrester-bpms.pdf}}
}

@inproceedings{webml-acer-icwe-07,
    author    = {Roberto Acerbis and
                 Aldo Bongio and
                 Marco Brambilla and
                 Massimo Tisi and
                 Stefano Ceri and
                 Emanuele Tosetti},
    title     = {Developing eBusiness Solutions with a Model Driven Approach:
                 The Case of Acer EMEA},
    booktitle = {ICWE},
    year      = {2007},
    pages     = {539-544},
    ee        = {http://dx.doi.org/10.1007/978-3-540-73597-7_51},
    bibsource = {DBLP, http://dblp.uni-trier.de}
}

@inproceedings{outer-join-maintenance-icde-07,
    author    = {Per-{\AA}ke Larson and
                 Jingren Zhou},
    title     = {Efficient Maintenance of Materialized Outer-Join Views},
    booktitle = {ICDE},
    year      = {2007},
    pages     = {56-65},
    ee        = {http://dx.doi.org/10.1109/ICDE.2007.367851},
    bibsource = {DBLP, http://dblp.uni-trier.de}
}



@inproceedings{xquery-planx-08,
  author    = {J. Nathan Foster and
               Ravi Konuru and
               J{\'e}r{\^o}me Sim{\'e}on and
               Lionel Villard},
  title     = {An Algebraic Approach to View Maintenance for XQuery},
  booktitle = {PLAN-X},
  year      = {2008},
  ee        = {http://gemo.futurs.inria.fr/events/PLANX2008//papers/p31.pdf},
  bibsource = {DBLP, http://dblp.uni-trier.de}
}

@article{appforge-vldb-08,
  author    = {Fan Yang and
               Nitin Gupta and
               Chavdar Botev and
               Elizabeth F. Churchill and
               George Levchenko and
               Jayavel Shanmugasundaram},
  title     = {WYSIWYG development of data driven web applications},
  journal   = {PVLDB},
  volume    = {1},
  number    = {1},
  year      = {2008},
  pages     = {163-175},
  ee        = {http://www.vldb.org/pvldb/1/1453879.pdf},
  bibsource = {DBLP, http://dblp.uni-trier.de}
}

@misc{techcrunch50-08,
    key     = {TechCrunch50 2008},
    title   = {TechCrunch50 2008},
    note    = {\url{http://www.techcrunch50.com/2008/}},
}

@inproceedings{forward-cidr-09,
  author    = {Keith Kowalczykowski and
               Kian Win Ong and
               Kevin Keliang Zhao and
               Alin Deutsch and
               Yannis Papakonstantinou and
               Michalis Petropoulos},
  title     = {Do-It-Yourself custom forms-driven workflow applications},
  booktitle = {CIDR},
  year      = {2009},
  ee        = {http://www-db.cs.wisc.edu/cidr/cidr2009/Paper_108.pdf},
  bibsource = {DBLP, http://dblp.uni-trier.de}
}

@article{gwt-acm-queue-09,
    author      = {Johnson, Bruce},
    title       = {Reveling in Constraints},
    journal     = {Queue},
    volume      = {7},
    number      = {6},
    year        = {2009},
    issn        = {1542-7730},
    pages       = {30--37},
    doi         = {http://doi.acm.org/10.1145/1563821.1572457},
    publisher   = {ACM},
    address     = {New York, NY, USA},
}

@inproceedings{xquery-browser-www-09,
    author      = {Ghislain Fourny and
                   Markus Pilman and
                   Daniela Florescu and
                   Donald Kossmann and
                   Tim Kraska and
                   Darin McBeath},
    title       = {XQuery in the browser},
    booktitle   = {WWW},
    year        = {2009},
    pages       = {1011-1020},
    ee          = {http://doi.acm.org/10.1145/1526709.1526845},
    bibsource   = {DBLP, http://dblp.uni-trier.de}
}

@misc{speed-matters-09,
    author  = {Communications Workers of America},
    title   = {2009 Report on Internet Speeds in All 50 States},
    year    = {2009},
    note    = {\url{http://cwafiles.org/speedmatters/state_reports_2009/CWA_Report_on_Internet_Speeds_2009.pdf}},
}

@misc{minimizing-reflow-09,
    author  = {Lindsey Simon},
    title   = {Minimizing browser reflow},
    year    = {2009},
    note    = {\url{http://code.google.com/speed/articles/reflow.html}},
}

@misc{html5-w3c-09,
    author  = {W3C},
    title   = {HTML 5 (Working Draft)},
    year    = {2009},
    note    = {\url{http://www.w3.org/TR/html5/}},
}

@misc{xhr-w3c-09,
    author  = {W3C},
    title   = {XMLHttpRequest (Working Draft)},
    year    = {2009},
    note    = {\url{http://www.w3.org/TR/XMLHttpRequest/}},
}

@misc{asp-dot-net-wikipedia-09,
    author  = {Wikipedia},
    title   = {ASP.NET},
    year    = {2009},
    note    = {Accessed Nov 04 2009. \url{http://en.wikipedia.org/w/index.php?title=ASP.NET&oldid=323456166}},
}

@misc{coghead-wikipedia-09,
    author  = {Wikipedia},
    title   = {Coghead},
    year    = {2009},
    note    = {Accessed Jul 26 2010. \url{http://en.wikipedia.org/wiki/Coghead}},
}

@inproceedings{forward-sigmod-10,
    author    = {Yupeng Fu and
                 Keith Kowalczykowski and
                 Kian Win Ong and
                 Kevin Keliang Zhao and
                 Yannis Papakonstantinou},
    title     = {Ajax-based Report Pages as Incrementally Rendered Views},
    booktitle = {SIGMOD Conference (to appear)},
    year      = {2010},
    bibsource = {DBLP, http://dblp.uni-trier.de}
}

@misc{dabble-wikipedia-10,
    author  = {Wikipedia},
    title   = {Dabble},
    year    = {2010},
    note    = {Accessed Jul 26 2010. \url{http://en.wikipedia.org/wiki/Coghead}},
}

@misc{backbase,
    key     = {Backbase Enterprise Ajax Framework},
    title   = {Backbase Enterprise Ajax Framework},
    year    = {2009},
    note    = {\url{http://www.backbase.com/products/enterprise-ajax/}},
}

@misc{icefaces,
    key     = {ICEfaces},
    title   = {ICEfaces},
    year    = {2009},
    note    = {\url{http://www.icefaces.org/main/home/}},
}

@misc{zk,
    key     = {ZK Direct RIA},
    title   = {ZK Direct RIA},
    year    = {2009},
    note    = {\url{http://www.zkoss.org/}},
}

@misc{echo,
    key     = {Echo Web Framework},
    title   = {Echo Web Framework},
    year    = {2009},
    note    = {\url{http://echo.nextapp.com/site/}},
}

@misc{yui,
    key     = {YUI Library},
    title   = {YUI Library},
    year    = {2009},
    note    = {\url{http://developer.yahoo.com/yui/}},
}

@misc{gwt,
    key     = {Google Widget Toolkit},
    title   = {Google Widget Toolkit},
    year    = {2009},
    note    = {\url{http://code.google.com/webtoolkit/}},
}

@misc{dojo,
    key     = {The Dojo Toolkit},
    title   = {The Dojo Toolkit},
    year    = {2009},
    note    = {\url{http://www.dojotoolkit.org/}},
}


@misc{asp-dot-net,
    key     = {ASP.NET},
    title   = {ASP.NET},
    year    = {2009},
    note    = {\url{http://www.asp.net/}},
}

@misc{struts,
    key     = {Apache Struts},
    title   = {Apache Struts},
    year    = {2009},
    note    = {\url{http://struts.apache.org/}},
}

@misc{jsf,
    key     = {JavaServer Faces Technology (JSF)},
    title   = {JavaServer Faces Technology (JSF)},
    year    = {2009},
    note    = {\url{http://java.sun.com/javaee/javaserverfaces/}},
}

@misc{google-maps,
    key     = {Google Maps API},
    title   = {Google Maps API},
    year    = {2009},
    note    = {\url{http://code.google.com/apis/maps/}},
}

@misc{google-docs,
    key     = {Google Docs and Spreadsheet},
    title   = {Google Docs and Spreadsheet},
    year    = {2009},
    note    = {\url{http://docs.google.com/}},
}

@misc{yahoo-finance,
    key     = {Yahoo! Finance},
    title   = {Yahoo! Finance},
    year    = {2009},
    note    = {\url{http://finance.yahoo.com/}},
}

@misc{wufoo,
    key     = {Wufoo},
    title   = {Wufoo},
    year    = {2009},
    note    = {\url{http://wufoo.com/}},
}

@misc{jstl,
    key     = {JavaServer Pages Standard Tag Library},
    title   = {JavaServer Pages Standard Tag Library},
    year    = {2010},
    note    = {\url{http://java.sun.com/products/jsp/jstl/}},
}

@misc{java-servlet,
    key     = {Java Servlet Technology},
    title   = {Java Servlet Technology},
    year    = {2010},
    note    = {\url{http://java.sun.com/products/servlet/}},
}

@misc{apache-tomcat,
    key     = {Apache Tomcat Servlet Container},
    title   = {Apache Tomcat Servlet Container},
    year    = {2010},
    note    = {\url{http://tomcat.apache.org/}},
}

@misc{ruby-on-rails,
    key     = {Ruby on Rails},
    title   = {Ruby on Rails},
    note    = {\url{http://rubyonrails.org/}},
}

@misc{ning,
    key     = {Ning},
    title   = {Ning},
    note    = {\url{http://www.ning.com/}},
}

@misc{jsp,
    key     = {JavaServer Pages Technology},
    title   = {JavaServer Pages Technology},
    note    = {\url{http://java.sun.com/products/jsp/}}
}

@misc{deklarit,
    key     = {DeKlarit},
    title   = {DeKlarit},
    note    = {\url{http://www.deklarit.com}}
}

@misc{oracle-application-express,
    key     = {Oracle Application Express},
    title   = {Oracle Application Express},
    note    = {\url{http://www.oracle.com/technology/products/database/application_express/index.html}}
}

@misc{eunify,
    key     = {eUnify},
    title   = {eUnify},
    note    = {\url{http://www.eunify.net/}},
}

@misc{quickbase,
    key     = {Intuit QuickBase},
    title   = {Intuit QuickBase},
    note    = {\url{http://quickbase.intuit.com/}},
}

@misc{yahoo-pipes,
    key     = {Yahoo! Pipes},
    title   = {Yahoo! Pipes},
    note    = {\url{http://pipes.yahoo.com/pipes/}},
}

@misc{ibm-mashup-center,
    key     = {IBM Mashup Center},
    title   = {IBM Mashup Center},
    note    = {\url{http://www-01.ibm.com/software/info/mashup-center/}},
}

@misc{salesforce,
    key     = {Salesforce.com},
    title   = {Salesforce.com},
    note    = {\url{http://www.salesforce.com/}},
}

@misc{longjump,
    key     = {LongJump},
    title   = {LongJump},
    note    = {\url{http://longjump.com/}},
}

@article{frigioni2000fully,
  title={Fully dynamic algorithms for maintaining shortest paths trees},
  author={Frigioni, Daniele and Marchetti-Spaccamela, Alberto and Nanni, Umberto},
  journal={Journal of Algorithms},
  volume={34},
  number={2},
  pages={251--281},
  year={2000},
  publisher={Elsevier}
}

@inproceedings{datta1993static,
  title={Static and dynamic algorithms for k-point clustering problems},
  author={Datta, Amitava and Lenhof, Hans-Peter and Schwarz, Christian and Smid, Michiel},
  booktitle={Workshop on Algorithms and Data Structures},
  pages={265--276},
  year={1993},
  organization={Springer}
}

@article{chiang1992dynamic,
  title={Dynamic algorithms in computational geometry},
  author={Chiang, Y-J and Tamassia, Roberto},
  journal={Proceedings of the IEEE},
  volume={80},
  number={9},
  pages={1412--1434},
  year={1992},
  publisher={IEEE}
}

@article{mv-survey-12,
  author    = {Rada Chirkova and
               Jun Yang},
  title     = {Materialized Views},
  journal   = {Foundations and Trends in Databases},
  volume    = {4},
  number    = {4},
  year      = {2012},
  pages     = {295-405},
}

@inproceedings{vm-91,
       booktitle = {VLDB},
           title = {Deriving Production Rules for Incremental View Maintenance},
          author = {S. Ceri and J. Widom},
            year = {1991},
        keywords = {active database, Starburst},
             url = {http://ilpubs.stanford.edu:8090/8/},
}
